@misc{disj,
  author = {Wiki},
  title = {{Disjoint data structure}},
  howpublished = "\url{https://en.wikipedia.org/wiki/Disjoint-set_data_structure}",
  year = {2013},
}

@misc{bfs,
  author = {Wiki},
  title = {{BFS}},
  howpublished = "\url{https://en.wikipedia.org/wiki/Breadth-first_search}",
  year = {2013},
}

@misc{kopiec,
  author = {Wiki},
  title = {{Kopiec binarny}},
  howpublished = "\url{https://pl.wikipedia.org/wiki/Kopiec_binarny}",
  year = {2013},
}

@misc{valg,
  author = {Valgrind},
  title = {{Valgrind tool}},
  howpublished = "\url{http://valgrind.org/}",
  year = {2013},
}

@misc{netx,
  author = {networkX},
  title = {{networkX library}},
  howpublished = "\url{http://networkx.github.io/}",
  year = {2013},
}



@misc{kru,
  author = {Geeks4Geeks},
  title = {{Greedy Algorithms: Kruskal}},
  howpublished = "\url{http://www.geeksforgeeks.org/greedy-algorithms-set-2-kruskals-minimum-spanning-tree-mst/}",
  year = {2013},
}
@misc{pri,
  author = {Geeks4Geeks},
  title = {{Greedy Algorithms: Prim}},
  howpublished = "\url{http://www.geeksforgeeks.org/greedy-algorithms-set-5-prims-mst-for-adjacency-list-representation/}",
  year = {2013},
}

